@book{nmap2009,
	Author = {Gordon Fyodor Lyon},
	Title = {Nmap Network Scanning: The Official Nmap Project Guide to Network Discovery and Security Scanning},
	Publisher = {Nmap Project},
	Year = {2009},
	ISBN = {0979958717},
	URL = {http://https://nmap.org/book/}
}


